@incollection{NIPS2008_3583,
title = {A Scalable Hierarchical Distributed Language Model},
author = {Mnih, Andriy and Hinton, Geoffrey E},
booktitle = {Advances in Neural Information Processing Systems 21},
editor = {D. Koller and D. Schuurmans and Y. Bengio and L. Bottou},
pages = {1081--1088},
year = {2009},
publisher = {Curran Associates, Inc.},
url = {http://papers.nips.cc/paper/3583-a-scalable-hierarchical-distributed-language-model.pdf}
}
